@article{gutierrez2007,
title = {{Introducing Time into RDF}},
author = {Claudio Gutierrez and Carlos Hurtado and  Alejandro Vaisman},
journal = {{IEEE Transactions on Knowledge and Data Engineering}},
year = {2007},
pages = {207--218}
}

@TECHREPORT{RDF_Concepts_W3C:04,
  author = Klyne # { and } # Carroll,
  title = {{Resource Description Framework (RDF): Concepts and Abstract Syntax, W3C Recommendation 10 February 2004}},
  institution = w3c,
  year = {2004},
  month = feb # {~10},
  type = {{W3C Recommendation}},
  keywords = {RDF, syntax, W3C Recommendation},
  url = {http://www.w3.org/TR/2004/REC-rdf-concepts-20040210/}
}

@article{morsey2012,
title = {{DBpedia and the live extraction of structured data from Wikipedia}},
author = {Mohamed Morsey and Jens Lehmann and Soren Auer and Claus Stadler and Sebastian Hellmann},
journal = {{Emerald Group Publishing Limited}},
year = {2012},
pages = {157--181}
}

@article{Berners-lee2001,
title = {{The semantic web}},
author = {Tim Berners-Lee and James Hendler and Ora Lassila},
journal = {{Scientific American}},
year = {2001},
volume = {43},
pages = {284--289}
}
@article{gruber1995,
title = {{Toward principles for the design of ontologies used for knowledge sharing}},
author = {Thomas Gruber},
journal = {{International Journal Of Human Computer Studies}},
year = {1995},
pages = {907--928}
}
@book{gandon2012,
title = {{Le Web semantique}},
author = {Fabien Gandon and Catherine Faron-Zuker and Olivier Corby},
publisher = {{Dunod}},
year = {2012},
adress = {Paris}
}

@article{lehmann2012,
title = {{Defacto - deep fact validation}},
author = {Jens Lehmann and Daniel Gerber and Mohamed Morsey and Axel-Cyrille Ngonga},
journal = {{International Semantic Web Conference}},
year = {2012},
}


@article{lehmann2014,
title = {{DBpedia – A Large-scale, Multilingual Knowledge Base Extracted from Wikipedia}},
author = {Jens Lehmann and Robert Isele and Mohamed Morsey and Max Jakob and Anja Jentzsch and Dimitris Kontokostas and Pablo N. Mendes and Sebastian Hellmann and Patrick van Kleef and Sören Auer and Christian Bizer},
journal = {{ Semantic Web Journal}},
year = {2014},
}

@inproceedings{rula2014,
title = {{Hybrid Acquisition of Temporal Scopes for RDF Data}},
author ={Anisa Rula and Matteo Palmonari and Axel-Cyrille Ngonga and Daniel Gerber and Jens Lehmann and Lorenz Buhmann},
journal = {{Extended Semantic Web Conference}},
url = {http://2014.eswc-conferences.org/sites/default/files/papers/paper_210.pdf},
year={2014}

}

@inproceedings{timml,
title = {{TimeML 1.2.1. A Formal Specification Language for Events and Temporal Expressions}},
journal = {{TimeML Working Group}},
url = {http://www.timeml.org/site/publications/timeMLdocs/timeml_1.2.1.html},
year={October 2005}

}
@TECHREPORT{OWL_Overview_W3C:04,
  author = McGuinness # { and } # Harmelen,
  title = {{OWL Web Ontology Language Overview W3C Recommendation 10 February 2004}},
  institution = w3c,
  year = {2004},
  month = feb # {~10},
  type = {{W3C Recommendation}},
  keywords = {OWL, W3C Recommendation},
  url = {http://www.w3.org/TR/2004/REC-owl-features-20040210/}
}

@TECHREPORT{RDF_Schema_W3C:04,
  author = Brickley # { and } # Guha,
  title = {{RDF Vocabulary Description Language 1.0: RDF Schema, W3C Recommendation 10 February 2004}},
  institution = w3c,
  year = {2004},
  month = feb # {~10},
  type = {{W3C Recommendation}},
  keywords = {RDF, RDFS, RDF schema, W3C Recommendation},
  url = {http://www.w3.org/TR/2004/REC-rdf-schema-20040210/}
}

@TECHREPORT{SPARQL_W3C:13,
  author = Harris # { and } # Seaborne,
  institution = w3c,
  month = mar # {~21},
  url = {http://www.w3.org/TR/2013/REC-sparql11-query-20130321/},
  title = {{SPARQL 1.1 Query Language, W3C Recommendation 21 March 2013}},
  type = {{W3C Recommendation}},
  year = {2013}
}

@article{verhagen2010,
title = {{Semeval-2010 task 13 : Tempeval-2}},
author = {Verhagen and Sauri and Caselli and Pustejovsky},
journal = {{Proceedings of the 5th International Workshop on Semantic Evaluation}},
year = {2010},
pages = {57--62}
}

@article{hoffart2010,
title = {{YAGO2: A Spatially and Temporally Enhanced Knowledge Base from Wikipedia}},
author = {Johannes Hoart and Fabian M.Suchanek and Klaus Berberich and Gerhard Weikum},
journal = {{MPI-I-2010-5-007}},
year = {November 2010},
pages = {1--44}
}

@article{zweigenbaum2013,
title = {{Extraction des relations temporelles}},
author = {Pierre Zweigenbaum and Xavier Tannier},
journal = {{Traitement Automatique du Langage Naturel - Rencontre des Étudiants Chercheurs en Informatique pour le Traitement Automatique des Langues TALN-RECITAL}},
year = {2013}
}
@article{kessler2013,
title = {Extraction de dates saillantes},
author = {Remy Kessler and Xavier Tannier and Caroline Hagege and Veronique Moriceau and Andre Bittar},
journal = {Traitement Automatique des Langues, num{\'e}ro sp{\'e}cial sur le traitement automatique des informations temporelles et spatiales},
year = {2013}
}
@article{buraga2002,
title = {{ RDF-based model for expressing spatio-temporal relations between web sites.}},
author = {C. Buraga and G. Ciobanu},
journal = {{WISE}},
year = {2002},
pages = {355--361}
}
@article{bereta2013,
title = {{Representation and Querying of Valid Time of Triples in Linked Geospatial Data}},
author = {Konstantina Bereta and Panayiotis Smeros and Manolis Koubarakis},
journal = {{The Semantic Web: Semantics and Big Data, 10th International Conference, ESWC}},
year = {2013},
pages = {1--15}
}

@article{{perry2008,
title = {A Framework to Support Spatial, Temporal and Thematic Analytics
over Semantic Web Data},
author = {M. Perry},
journal = {Wright State University},
year = {2008},
pages = {1--15}
}}
@article{maedche2003,
title = {Establishing the Semantic Web 11: An Infrastructure for
Searching, Reusing, and Evolving Distributed Ontologies,},
author = {A. Maedchea and B. Motik and L. Stojanovic and R. Studer and R. Volz},
journal = {12th Intel Conf. World Wide Web},
year = {2003},
pages = {439--448}
}
@article{antoniou2004,
title = {A Semantic Web Primer},
author = {Giorgis Antoniou and Frank van-Harmelen},
journal = {{MIT Press}},
year = {2004}
}
@article{pugliese2008,
title = {{Scaling RDF with time}},
author = {Andrea Pugliese and Octavian Udrea and V.S Subrahmanian},
journal = {Proc. of the 17th International Conference on World Wide Web (WWW 2008)},
year = {2008},
pages = {605--614}
}
@inproceedings{udrea2006,
  author    = {Octavian Udrea and
               Diego Reforgiato Recupero and
               V. S. Subrahmanian},
  title     = {{Annotated RDF}},
  year      = {2006},
  pages     = {487--501},
  ee        = {http://dx.doi.org/10.1007/11762256_36},
  crossref  = {DBLP:conf/esws/2006},
  bibsource = {DBLP, http://dblp.uni-trier.de}
}
@proceedings{DBLP:conf/esws/2006,
  editor    = {York Sure and
               John Domingue},
  title     = {The Semantic Web: Research and Applications, 3rd European
               Semantic Web Conference, ESWC 2006, Budva, Montenegro, June
               11-14, 2006, Proceedings},
  publisher = {Springer},
  series    = {Lecture Notes in Computer Science},
  volume    = {4011},
  year      = {2006},
  isbn      = {3-540-34544-2},
  bibsource = {DBLP, http://dblp.uni-trier.de}
  }
@article{udrea2010,
 author = {Udrea Octavian and Recupero and Diego Reforgiato and Subrahmanian},
 title = {{Annotated RDF}},
 journal = {ACM Trans. Comput. Logic},
 issue_date = {January 2010},
 volume = {11},
 number = {2},
 month = jan,
 year = {2010},
 issn = {1529-3785},
 pages = {10:1--10:41},
 articleno = {10},
 numpages = {41},
 url = {http://doi.acm.org/10.1145/1656242.1656245},
 doi = {10.1145/1656242.1656245},
 acmid = {1656245},
 publisher = {ACM},
 address = {New York, NY, USA},
 keywords = {Annotated RDF, query processing, view maintenance},
} 
@article{zimmermann2012,
title = {A General Framework for Representing, Reasoning and Querying with Annotated Semantic Web Data},
author = {Antoine Zimmermann and Nuno Lopes and Axel Polleres and Umberto Straccia},
journal = {Journal of Web Semantics, Elsevier},
year = {2012}
}
@article{bizer2009,
title = {{€™€™ DBpedia - A Crystallization Point for the Web of Data}},
author = {Christian Bizer and Jens Lehmann and Georgi Kobilarov and Sören Auer and Christian Becker and Richard Cyganiak and Sebastian Hellmann},
journal = { Journal of Web Semantics: Science, Services and Agents on the World Wide Web},
year = {2009},
pages = {154--165}
}
@article{manola2004,
title = {{RDF Primer}},
author = {Frank Manola and Eric Miller.},
journal = {W3C Recommendation},
year = {2004}
}
@article{gutierrez2005,
title = {{Temporal RDF}},
author = {Claudio Gutierrez and Carlos Hurtado and Alejandro Vaisman},
journal = { Second European Semantic Web Conf. (ESWC' 05)},
pages = {93--107},
year = {2005}
}
@article{abiteboul1997,
title = {Querying Semi-Structured Data},
author = {S. Abiteboul},
journal = { Sixth Intel Conf. Database Theory (ICDT' 97)},
year = {1997}
}
