%
% Authors & Editors
%
@STRING{aagesen = {Finn Arve Aagesen}}
@STRING{abdallah = {Samer Abdallah}}
@STRING{abdallahn = {Nada Abdallah}}
@STRING{aberer = {Karl Aberer}}
@STRING{abiteboul = {Serge Abiteboul}}
@STRING{acciarri = {Andrea Acciarri}}
@STRING{adamek = {Ji{\v{r}}{\'i} Ad{\'a}mek}}
@STRING{adida = {Ben Adida}}
@STRING{adjiman = {Philippe Adjiman}}
@STRING{afrati = {Foto N. Afrati}}
@STRING{aiguier = {Marc Aiguier}}
@STRING{akhtar = {Waseem Akhtar}}
@STRING{akman = {Varol Akman}}
@STRING{alagic = {Suad Alagi{\'c}}}
@STRING{ali = {Moonis Ali}}
@STRING{aljawarneh = {Shadi Aljawarneh}}
@STRING{alkhateeb = {Faisal Q. Alkhateeb}}
@STRING{allemang = {Dean Allemang}}
@STRING{allen = {James F. Allen}}
@STRING{alnsour = {Ayman Alnsour}}
@STRING{an = {Yuan An}}
@STRING{analyti = {Anastasia Analyti}}
@STRING{angelides = {Marios Angelides}}
@STRING{antoniou = {Grigoris Antoniou}}
@STRING{anutariya = {Chutiporn Anutariya}}
@STRING{apers = {Peter M. G. Apers}}
@STRING{aranguren = {Mikel Ega{\~n}a Aranguren}}
@STRING{archer = {Phil Archer}}
@STRING{aref = {Walid G. Aref}}
@STRING{arenas = {Marcelo Arenas}}
@STRING{arikawa = {Setsuo Arikawa}}
@STRING{aroyo = {Lora Aroyo}}
@STRING{artale = {Alessandro Artale}}
@STRING{atzeni = {Paolo Atzeni}}
@STRING{baader = {Franz Baader}}
@STRING{bach = {Thanh-Le Bach}}
@STRING{badra = {Mohamad Badra}}
@STRING{baget = {Jean-Fran{\c c}ois Baget}}
@STRING{bao = {Jie Bao}}
@STRING{barbier = {Fabrice Barbier}}
@STRING{barbosa = {Lu{\'i}s Soares Barbosa}}
@STRING{barker = {Ken Barker}}
@STRING{baroglio = {Cristina Baroglio}}
@STRING{barrasa = {Jes{\'u}s Barrasa}}
@STRING{barwise = {John Barwise}}
@STRING{batini = {Carlo Batini}}
@STRING{beckett = {David Beckett}}
@STRING{bechhofer = {Sean Bechhofer}}
@STRING{benatallah = {Boualem Benatallah}}
@STRING{benabou = {Jean B{\'e}nabou}}
@STRING{benchcapon = {Trevor J. M. Bench-Capon}}
@STRING{benjamin = {V. Richard Benjamin}}
@STRING{bennett = {Brandon Bennett}}
@STRING{berlin = {Jacob Berlin}}
@STRING{bernerslee = {Tim Berners-Lee}}
@STRING{bernstein = {Philip A. Bernstein}}
@STRING{berrueta = {Diego Berrueta}}
@STRING{bertails = {Alexandre Bertails}}
@STRING{bertino = {Elisa Bertino}}
@STRING{beziau = {Jean-Yves B{\'e}ziau}}
@STRING{bicer = {Veli Bicer}}
@STRING{bielikova = {M{\'a}ria Bielikov{\'a}}}
@STRING{bilke = {Alexander Bilke}}
@STRING{birbeck = {Mark Birbeck}}
@STRING{blackburn = {Patrick Blackburn}}
@STRING{blakeley = {Jos{\'e} A. Blakeley}}
@STRING{blanzieri = {Enrico Blanzieri}}
@STRING{blobel = {Bernd Blobel}}
@STRING{boag = {Scott Boag}}
@STRING{bodenreider = {Olivier Bodenreider}}
@STRING{bohm = {Klemens B{\"o}hm}}
@STRING{boley = {Harold Boley}}
@STRING{bonatti = {Piero A. Bonatti}}
@STRING{borgida = {Alex Borgida}}
@STRING{borgo = {Stefano Borgo}}
@STRING{bouquet = {Paolo Bouquet}}
@STRING{brandt = {Sebastian Brandt}}
@STRING{bressan = {St{\'e}phane Bressan}}
@STRING{breslin = {John G. Breslin}}
@STRING{brewka = {Gerhard Brewka}}
@STRING{brickley = {Dan Brickley}}
@STRING{builaranda = {Carlos Buil-Aranda}}
@STRING{burstall = {Rod M. Burstall}}
@STRING{bussler = {Christoph Bussler}}
@STRING{bychkov = {Yury Bychkov}}
@STRING{cabral = {Liliana Cabral}}
@STRING{cadoli = {Marco Cadoli}}
@STRING{calvanese = {Diego Calvanese}}
@STRING{caragea = {Doina Caragea}}
@STRING{carey = {Michael J. Carey}}
@STRING{carnielli = {Walter Carnielli}}
@STRING{carothers = {Gavin Carothers}}
@STRING{carr = {Les Carr}}
@STRING{carroll = {Jeremy J. Carroll}}
@STRING{casati = {Fabio Casati}}
@STRING{castano = {Silvana Castano}}
@STRING{catarci = {Tiziana Catarci}}
@STRING{ceri = {Stefano Ceri}}
@STRING{cerizza = {Dario Cerizza}}
@STRING{chamberlin = {Don Chamberlin}}
@STRING{chang = {Kevin Chen-Chuan Chang}}
@STRING{chatalic = {Philippe Chatalic}}
@STRING{chbeir = {Richard Chbeir}}
@STRING{chesnevar = {Carlos Iv{\'a}n Ches{\~n}evar}}
@STRING{choi = {Key-Sun Choi}}
@STRING{chu = {Wesley W. Chu}}
@STRING{chung = {Jen-Yao Chung}}
@STRING{cimpian = {Emilia Cimpian}}
@STRING{clifton = {Chris Clifton}}
@STRING{cohn = {Anthony G. Cohn}}
@STRING{comyn = {Gerard Comyn}}
@STRING{connolly = {Dan Connolly}}
@STRING{connor = {Kathleen Connor}}
@STRING{cordeiro = {Jos{\'e} Cordeiro}}
@STRING{corlosquet = {St{\'e}phane Corlosquet}}
@STRING{cruz = {Isabel F. Cruz}}
@STRING{cudremauroux = {Philippe Cudr{\'e}-Mauroux}}
@STRING{cuencagrau = {Bernardo Cuenca-Grau}}
@STRING{cui = {Zhan Cui}}
@STRING{cyganiak = {Richard Cyganiak}}
@STRING{dahlem = {Dominik Dahlem}}
@STRING{dahlin = {Michael Dahlin}}
@STRING{damasio = {Carlos Viegas Dam{\'a}sio}}
@STRING{daquin = {Mathieu d'Aquin}}
@STRING{das = {Souripriya Das}}
@STRING{dasilva = {Nuno Alexandre Pinto da Silva}}
@STRING{davies = {John Davies}}
@STRING{davis = {Randall Davis}}
@STRING{dean = {Mike Dean}}
@STRING{deantonellis = {Valeria De Antonellis}}
@STRING{debo = {Jan de Bo}}
@STRING{debruijn = {Jos de Bruijn}}
@STRING{decapitanidivimercati = {Sabrina De Capitani di Vimercati}}
@STRING{decker = {Stephan Decker}}
@STRING{defude = {Bruno Defude}}
@STRING{degiacomo = {Giuseppe de Giacomo}}
@STRING{deleenheer = {Pieter De Leenheer}}
@STRING{dellavalle = {Emanuele Della Valle}}
@STRING{demazeau = {Yves Demazeau}}
@STRING{demoor = {Aldo de Moor}}
@STRING{deroo = {Jos de Roo}}
@STRING{deroure = {David de Roure}}
@STRING{dessloch = {Stefan De{\ss}loch}}
@STRING{dhamankar = {Robin Dhamankar}}
@STRING{diaconescu = {R{\u a}zvan Diaconescu}}
@STRING{diengkuntz = {Rose Dieng-Kuntz}}
@STRING{dingy = {Ying Ding}}
@STRING{ding = {Zhongli Ding}}
@STRING{dipanda = {Albert Dipanda}}
@STRING{do = {Hong-Hai Do}}
@STRING{doan = {An-Hai Doan}}
@STRING{dogac = {Asuman Dogac}}
@STRING{doherty = {Patrick Doherty}}
@STRING{domingos = {Pedro Domingos}}
@STRING{domingue = {John Domingue}}
@STRING{dong = {Guozhu Dong}}
@STRING{donini = {Francesco M. Donini}}
@STRING{dou = {Dejing Dou}}
@STRING{doyle = {Jon Doyle}}
@STRING{dragan = {Laura Dragan}}
@STRING{dragut = {Eduard Dragut}}
@STRING{drummond = {Nick Drummond}}
@STRING{ducournau = {Roland Ducournau}}
@STRING{durst = {Martin J. D\"urst}}
@STRING{dutta = {Ani Dutta}}
@STRING{dyckhoff = {Roy Dyckhoff}}
@STRING{ehrig = {Marc Ehrig}}
@STRING{ehrigh = {Hartmut Ehrig}}
@STRING{eiter = {Thomas Eiter}}
@STRING{erickson = {John Erickson}}
@STRING{eschenbach = {Carola Eschenbach}}
@STRING{esposito = {Floriana Esposito}}
@STRING{euzenat = {J{\'e}r{\^o}me Euzenat}}
@STRING{fages = {Fran{\c c}ois Fages}}
@STRING{fagin = {Ronald Fagin}}
@STRING{fallside = {David C. Fallside}}
@STRING{fasulo = {Daniel Fasulo}}
@STRING{feier = {Cristina Feier}}
@STRING{feigenbaum = {Lee Feigenbaum}}
@STRING{fellbaum = {Christiane D. Fellbaum}}
@STRING{fensel = {Dieter Fensel}}
@STRING{fernandez = {Mary F. Fern{\'a}ndez}}
@STRING{fernandezs = {Sergio Fern{\'a}ndez}}
@STRING{fernandezluna = {Juan M. Fern{\'a}ndez-Luna}}
@STRING{ferrara = {Alfio Ferrara}}
@STRING{fielding = {Roy Thomas Fielding}}
@STRING{fikes = {Richard Fikes}}
@STRING{filipe = {Joaquim Filipe}}
@STRING{finin = {Tim Finin}}
@STRING{flejter = {Dominik Flejter}}
@STRING{florescu = {Daniela Florescu}}
@STRING{fortuna = {Blaz Fortuna}}
@STRING{fox = {Ronan Fox}}
@STRING{foxd = {Dieter Fox}}
@STRING{foxvog = {Douglas Foxvog}}
@STRING{franconi = {Enrico Franconi}}
@STRING{frank = {Martin Frank}}
@STRING{freitas = {Fred Freitas}}
@STRING{freytag = {Johann Christoph Freytag}}
@STRING{furbach = {Ulrich Furbach}}
@STRING{gabbay = {Dov M. Gabbay}}
@STRING{gal = {Avigdor Gal}}
@STRING{gandon = {Fabien Gandon}}
@STRING{gangemi = {Aldo Gangemi}}
@STRING{ganzinger = {Harald Ganzinger}}
@STRING{garcia = {Alejandro Javier Garc{\'\i}a}}
@STRING{gearon = {Paul Gearon}}
@STRING{genesereth = {Michael R. Genesereth}}
@STRING{gert = {Gert Smolka}}
@STRING{ghelli = {Giorgio Ghelli}}
@STRING{ghidini = {Chiara Ghidini}}
@STRING{ghilardi = {Silvio Ghilardi}}
@STRING{giasson = {Fr{\'e}d{\'e}rick Giasson}}
@STRING{gil = {Yolanda Gil}}
@STRING{giorgini = {Paolo Giorgini}}
@STRING{giunchiglia = {Fausto Giunchiglia}}
@STRING{glimm = {Birte Glimm}}
@STRING{goasdoue = {Fran{\c c}ois Goasdou{\'e}}}
@STRING{goble = {Carole A. Goble}}
@STRING{goguen = {Joseph A. Goguen}}
@STRING{golbeck = {Jennifer Golbeck}}
@STRING{golbreich = {Christine Golbreich}}
@STRING{gomes = {Carla P. Gomes}}
@STRING{gomezperez = {Asuncion Gomez-Perez}}
@STRING{gontarczyk = {Jedrzej Gontarczyk}}
@STRING{gottlob = {Georg Gottlob}}
@STRING{grahne = {G{\"o}sta Grahne}}
@STRING{grant = {Jan Grant}}
@STRING{green = {Todd J. Green}}
@STRING{grobelnik = {Marko Grobelnik}}
@STRING{groh = {Georg Groh}}
@STRING{grosof = {Benjamin Grosof}}
@STRING{groza = {Tudor Groza}}
@STRING{gruber = {Thomas R. Gruber}}
@STRING{grust = {Torsten Grust}}
@STRING{guarino = {Nicola Guarino}}
@STRING{guha = {Ramanathan V. Guha}}
@STRING{guttag = {John V. Guttag}}
@STRING{ha = {Young-Guk Ha}}
@STRING{haarslev = {Volker Haarslev}}
@STRING{haas = {Laura M. Haas}}
@STRING{haase = {Peter Haase}}
@STRING{habib = {Michel Habib}}
@STRING{haddad = {Hisham Haddad}}
@STRING{halevy = {Alon Y. Halevy}}
@STRING{haller = {Armin Haller}}
@STRING{hamasaki = {Masahiro Hamasaki}}
@STRING{handschuh = {Siegfried Handschuh}}
@STRING{harmelen = {Frank van Harmelen}}
@STRING{harris = {Steve Harris}}
@STRING{harth = {Andreas Harth}}
@STRING{haselwanter = {Thomas Haselwanter}}
@STRING{hausenblas = {Michael Hausenblas}}
@STRING{hauswirth = {Manfred Hauswirth}}
@STRING{hayes = {Patrick Hayes}}
@STRING{he = {Bin He}}
@STRING{heath = {Tom Heath}}
@STRING{heh = {Hai He}}
@STRING{heflin = {Jeff Heflin}}
@STRING{hendler = {James Hendler}}
@STRING{henze = {Nicola Henze}}
@STRING{hepp = {Martin Hepp}}
@STRING{herman = {Ivan Herman}}
@STRING{hernandez = {Mauricio Hern{\'a}ndez}}
@STRING{herrlich = {Horst Herrlich}}
@STRING{heuer = {Andreas Heuer}}
@STRING{hillenbrand = {Thomas Hillenbrand}}
@STRING{hitzler = {Pascal Hitzler}}
@STRING{ho = {Howard Ho}}
@STRING{hodges = {Wilfrid Hodges}}
@STRING{hoffmann = {J{\"o}rg Hoffmann}}
@STRING{hogan = {Aidan Hogan}}
@STRING{homola = {Martin Homola}}
@STRING{honavar = {Vasant G. Honavar}}
@STRING{honey = {Alan Honey}}
@STRING{hori = {Masahiro Hori}}
@STRING{horning = {James J. Horning}}
@STRING{horridge = {Matthew Horridge}}
@STRING{horrocks = {Ian Horrocks}}
@STRING{housman = {Ed Housman}}
@STRING{hovy = {Eduard Hovy}}
@STRING{hsu = {Wynne Hsu}}
@STRING{hu = {Wei Hu}}
@STRING{huang = {Xiaotong Huang}}
@STRING{huangz = {Zhisheng Huang}}
@STRING{huchard = {Marianne Huchard}}
@STRING{hyvonen = {Eero Hyv{\"o}nen}}
@STRING{iakovidis = {Ilias Iakovidis}}
@STRING{ichise = {Ryutaro Ichise}}
@STRING{isli = {Amar Isli}}
@STRING{ibrahim = {Ismail Khalil Ibrahim}}
@STRING{ives = {Zachary G. Ives}}
@STRING{iyengar = {Arun Iyengar}}
@STRING{jaakkola = {Hannu Jaakkola}}
@STRING{jacquenet = {Fran{\c c}ois Jacquenet}}
@STRING{jahnke = {Jens H. Jahnke}}
@STRING{jaiswal = {Anuj Jaiswal}}
@STRING{jajodia = {Sushil Jajodia}}
@STRING{jamil = {Hasan Jamil}}
@STRING{jang = {Minsu Jang}}
@STRING{jannink = {Jan Jannink}}
@STRING{jarrar = {Mustafa Jarrar}}
@STRING{jensen = {Christian S. Jensen}}
@STRING{jung = {Jason J. Jung}}
@STRING{kabak = {Yildirak Kabak}}
@STRING{kaelbling = {Leslie Pack Kaelbling}}
@STRING{kagal = {Lalana Kagal}}
@STRING{kakas = {Antonis C. Kakas}}
@STRING{kalfoglou = {Yannis Kalfoglou}}
@STRING{kalyanpur = {Aditya Kalyanpur}}
@STRING{kambhampati = {Subbarao Kambhampati}}
@STRING{kang = {Jaewoo Kang}}
@STRING{kappel = {Gerti Kappel}}
@STRING{karger = {David R. Karger}}
@STRING{kashyap = {Vipul Kashyap}}
@STRING{katz = {Yarden Katz}}
@STRING{kaufmann = {{Morgan Kaufmann}}}
@STRING{kayser = {Daniel Kayser}}
@STRING{kazakov = {Yevgeny Kazakov}}
@STRING{kehagias = {Athanasios Kehagias}}
@STRING{keller = {Uwe Keller}}
@STRING{kent = {Robert E. Kent}}
@STRING{kerrigan = {Mick Kerrigan}}
@STRING{kersten = {Martin L. Kersten}}
@STRING{kifer = {Michael Kifer}}
@STRING{kilgarriff = {Edward Kilgarriff}}
@STRING{kilic = {Ozgur Kilic}}
@STRING{kim = {Jaehong Kim}}
@STRING{king = {Roger King}}
@STRING{kinsella = {Sheila Kinsella}}
@STRING{kiryakov = {Atanas Kiryakov}}
@STRING{kitsuregawa = {Masaru Kitsuregawa}}
@STRING{klein = {Michel Klein}}
@STRING{klyne = {Graham Klyne}}
@STRING{knechtel = {Martin Knechtel}}
@STRING{knouf = {Nick Knouf}}
@STRING{koehler = {Jana Koehler}}
@STRING{kolaitis = {Phokion G. Kolaitis}}
@STRING{kolen = {John F. Kolen}}
@STRING{konieczny = {S{\'e}bastien Konieczny}}
@STRING{konig = {Arnd Christian K{\"o}nig}}
@STRING{kopecky = {Jacek Kopeck{\'y}}}
@STRING{kossmann = {Donald Kossmann}}
@STRING{kotinurmi = {Pavoo Kotinurmi}}
@STRING{kotis = {Konstantinos Kotis}}
@STRING{kotsis = {Gabriele Kotsis}}
@STRING{koubarakis = {Manolis Koubarakis}}
@STRING{kowalkiewicz = {Marek Kowalkiewicz}}
@STRING{kracht = {Marcus Kracht}}
@STRING{krotzsch = {Markus Kr{\"o}tzsch}}
@STRING{kumar = {Manoj Kumar}}
@STRING{kutz = {Oliver Kutz}}
@STRING{labiod = {Houda Labiod}}
@STRING{laborie = {S{\'e}bastien Laborie}}
@STRING{labra = {Jos{\'e} Emilio Labra Gayo}}
@STRING{lacher = {Martin Lacher}}
@STRING{laera = {Loredana Laera}}
@STRING{laleci = {Gokce Banu Laleci}}
@STRING{lang = {J{\'e}r{\^o}me Lang}}
@STRING{lara = {Rub{\'e}n Lara}}
@STRING{larson = {Per-{\AA}ke Larson}}
@STRING{lassila = {Ora Lassila}}
@STRING{laublet = {Philippe Laublet}}
@STRING{lauseng = {Georg Lausen}}
@STRING{lausen = {Holger Lausen}}
@STRING{lawrence = {Ramon Lawrence}}
@STRING{lebach = {Thanh Le Bach}}
@STRING{lebo = {Timothy Lebo}}
@STRING{lecam = {Lucien M. Le Cam}}
@STRING{leduc = {Chan Le Duc}}
@STRING{lee = {Yoonkyong Lee}}
@STRING{leeki = {Kyung-Il Lee}}
@STRING{leeml = {Mong Li Lee}}
@STRING{leesj = {Sang-Jo Lee}}
@STRING{leger = {Alain L{\'e}ger}}
@STRING{lembo = {Domenico Lembo}}
@STRING{lenat = {Douglas B. Lenat}}
@STRING{lenzerini = {Maurizio Lenzerini}}
@STRING{lerner = {Barbara Staudt Lerner}}
@STRING{li = {Chen Li}}
@STRING{liji = {Jianzhong Li}}
@STRING{lij = {Juanzi Li}}
@STRING{liws = {Wen-Syan Li}}
@STRING{liy = {Yi Li}}
@STRING{liang = {Bangyong Liang}}
@STRING{lin = {Xuemin Lin}}
@STRING{linnainmaa = {Seppo Linnainmaa}}
@STRING{lockemann = {Peter C. Lockemann}}
@STRING{lochovsky = {Frederick Lochovsk}}
@STRING{lopezdemantaras = {Ramon L{\'o}pez de Mantaras}}
@STRING{losada = {David E. Losada}}
@STRING{loui = {Ronald Prescott Loui}}
@STRING{lucanu = {Dorel Lucanu}}
@STRING{lutz = {Carsten Lutz}}
@STRING{ma = {Wei-Ying Ma}}
@STRING{maali = {Fadi Maali}}
@STRING{madhavan = {Jayant Madhavan}}
@STRING{maedche = {Alexander Maedche}}
@STRING{magnini = {Bernardo Magnini}}
@STRING{maguitman = {Ana Gabriela Maguitman}}
@STRING{malcolm = {Grant Malcolm}}
@STRING{maluszynski = {Jan Maluszynski}}
@STRING{manola = {Frank Manola}}
@STRING{march = {Salvatore T. March}}
@STRING{marchiori = {Massimo Marchiori}}
@STRING{marik = {Vladim{\'\i}r Mar{\'\i}k}}
@STRING{marley = {Tom Marley}}
@STRING{marquis = {Pierre Marquis}}
@STRING{masinter = {Larry Masinter}}
@STRING{masolo = {Claudio Masolo}}
@STRING{massacci = {Fabio Massacci}}
@STRING{maynard = {Diana Maynard}}
@STRING{mcallester = {David A. McAllester}}
@STRING{mccool = {Rob McCool}}
@STRING{mcdermott = {Drew McDermott}}
@STRING{mcguinness = {Deborah L. McGuinness}}
@STRING{mcilraith = {Sheila McIlraith}}
@STRING{mcleod = {Dennis McLeod}}
@STRING{mecella = {Massimo Mecella}}
@STRING{meersman = {Robert Meersman}}
@STRING{meilicke = {Christian Meilicke}}
@STRING{mellish = {Chris Mellish}}
@STRING{melnik = {Sergey Melnik}}
@STRING{meng = {Weiyi Meng}}
@STRING{menzel = {Christopher Menzel}}
@STRING{mika = {Peter Mika}}
@STRING{miller = {Eric Miller}}
@STRING{millerr = {Ren{\'e}e J. Miller}}
@STRING{miles = {Alistair Miles}}
@STRING{milo = {Tova Milo}}
@STRING{mitra = {Prasenjit Mitra}}
@STRING{mizoguchi = {Riichiro Mizoguchi}}
@STRING{mladenic = {Dunja Mladenic}}
@STRING{mocan = {Adrian Mocan}}
@STRING{modica = {Giovanni Modica}}
@STRING{mokhtar = {Salimah Mokhtar}}
@STRING{moller = {Ralf M{\"o}ller}}
@STRING{montanelli = {Stefano Montanelli}}
@STRING{moran = {Matthew Moran}}
@STRING{mork = {Peter Mork}}
@STRING{moss = {Larry Moss}}
@STRING{mossakowski = {Till Mossakowski}}
@STRING{motik = {Boris Motik}}
@STRING{motro = {Amihai Motro}}
@STRING{motta = {Enrico Motta}}
@STRING{mugnier = {Marie-Laure Mugnier}}
@STRING{musen = {Mark A. Musen}}
@STRING{mykkanen = {Juha Mykkanen}}
@STRING{mylonas = {Phivos Mylonas}}
@STRING{mylopoulos = {John Mylopoulos}}
@STRING{napoli = {Amad{\'e}o Napoli}}
@STRING{nardi = {Daniele Nardi}}
@STRING{nascimento = {Mario A. Nascimento}}
@STRING{nash = {Alan Nash}}
@STRING{naughton = {Jeffrey Naughton}}
@STRING{naumann = {Felix Naumann}}
@STRING{nebel = {Bernhard Nebel}}
@STRING{nejdl = {Wolfgang Nejdl}}
@STRING{neuhold = {Erich J. Neuhold}}
@STRING{neyman = {Jerzy Neyman}}
@STRING{ngu = {Anne H. H. Ngu}}
@STRING{nixon = {Lyndon J. B. Nixon}}
@STRING{nottelmann = {Henrik Nottelmann}}
@STRING{noy = {Natasha Fridman Noy}}
@STRING{ohlbach = {Hans J{\"u}rgen Ohlbach}}
@STRING{ogbuji = {Chimezie Ogbuji}}
@STRING{oltramari = {Alessandro Oltramari}}
@STRING{ooi = {Beng Chin Ooi}}
@STRING{orlowska = {Maria E. Orlowska}}
@STRING{ozcan = {Fatma {\"O}zcan}}
@STRING{ozsu = {M. Tamer {\"O}zsu}}
@STRING{palmieri = {Mattia Palmieri}}
@STRING{palopoli = {Luigi Palopoli}}
@STRING{pan = {Jeff Z. Pan}}
@STRING{panr = {Rong Pan}}
@STRING{pany = {Yue Pan}}
@STRING{paraboschi = {Stefano Paraboschi}}
@STRING{parsia = {Bijan Parsia}}
@STRING{paschke = {Adrian Paschke}}
@STRING{passant = {Alexandre Passant}}
@STRING{patashnik = {Oren Patashnik}}
@STRING{patelschneider = {Peter F. Patel-Schneider}}
@STRING{patil = {Ramesh S. Patil}}
@STRING{pedicchio = {Maria Cristina Pedicchio}}
@STRING{pellegrini = {Tassilo Pellegrini}}
@STRING{penaloza = {Rafael Pe{\~n}aloza}}
@STRING{peng = {Yun Peng}}
@STRING{perego = {Arndrea Perego}}
@STRING{pfenning = {Frank Pfenning}}
@STRING{pichai = {Srinivasan Pichai}}
@STRING{pidduck = {Anne Banks Pidduck}}
@STRING{pierce = {Benjamin C. Pierce}}
@STRING{pinoperez = {Ram{\'o}n Pino-P{\'e}rez}}
@STRING{pisanelli = {Domenico M. Pisanelli}}
@STRING{plexousakis = {Dimitri Plexousakis}}
@STRING{poizat = {Pascal Poizat}}
@STRING{pokorny = {Jaroslav Pokorn{\'y}}}
@STRING{poli = {Roberto Poli}}
@STRING{polleres = {Axel Polleres}}
@STRING{popa = {Lucian Popa}}
@STRING{porrasmaa = {Jari Porrasmaa}}
@STRING{pottinger = {Rachel A. Pottinger}}
@STRING{preist = {Christ Preist}}
@STRING{prudhommeaux = {Eric Prud'hommeaux}}
@STRING{pugh = {William Pugh}}
@STRING{purcarea = {Octavian Purcarea}}
@STRING{qamar = {Rahil Qamar}}
@STRING{qi = {Peishen Qi}}
@STRING{qu = {Yuzhong Qu}}
@STRING{quirchmayr = {Gerald Quirchmayr}}
@STRING{ramamohanarao = {Kotagiri Ramamohanarao}}
@STRING{rahm = {Erhard Rahm}}
@STRING{raimond = {Yves Raimond}}
@STRING{randell = {David A. Randell}}
@STRING{rector = {Alan L. Rector}}
@STRING{retschitzegger = {Werner Retschitzegger}}
@STRING{rich = {Charles Rich}}
@STRING{rijke = {Maarten de Rijke}}
@STRING{robie = {Jonathan Robie}}
@STRING{rocha = {Jo{\~a}o Rocha}}
@STRING{roman = {Dumitru Roman}}
@STRING{rosati = {Riccardo Rosati}}
@STRING{rosenthal = {Arnon Rosenthal}}
@STRING{rossi = {Gustavo Rossi}}
@STRING{rosu = {Grigore Ro{\c s}u}}
@STRING{roth = {Mary Roth}}
@STRING{rousset = {Marie-Christine Rousset}}
@STRING{rusev = {Rostislav Rusev}}
@STRING{russell = {Ingrid Russell}}
@STRING{sabou = {Marta Sabou}}
@STRING{sadri = {Fariba Sadri}}
@STRING{saffiotti = {Alessandro Saffiotti}}
@STRING{sahay = {Ratnesh Sahay}}
@STRING{sahoo = {Satya Sahoo}}
@STRING{saitta = {Lorenza Saitta}}
@STRING{sambra = {Andrei Sambra}}
@STRING{sandler = {Mark Sandler}}
@STRING{sapkota = {Brahmananda Sapkota}}
@STRING{sattler = {Ulrike Sattler}}
@STRING{sayyadian = {Mayssam Sayyadian}}
@STRING{schaefer = {Steffen Schaefer}}
@STRING{schaffert = {Sebastian Schaffert}}
@STRING{scharffe = {Fran{\c c}ois Scharffe}}
@STRING{schenk = {Simon Schenk}}
@STRING{schiefer = {K. Bernhard Schiefer}}
@STRING{schild = {Klaus Schild}}
@STRING{schlicht = {Anne Schlicht}}
@STRING{schmidt = {Renate A. Schmidt}}
@STRING{schmidtschaubss = {Manfred Schmidt-Schaub\ss}}
@STRING{schneider = {Jodi Schneider}}
@STRING{scholl = {Marc H. Scholl}}
@STRING{schorlemmer = {Marco Schorlemmer}}
@STRING{schreiber = {Guus Schreiber}}
@STRING{schubert = {Lenhard K. Schubert}}
@STRING{schulz = {Klaus Ulrich Schulz}}
@STRING{schwabe = {Daniel Schwabe}}
@STRING{seaborne = {Andy Seaborne}}
@STRING{seidenberg = {Julian Seidenberg}}
@STRING{seligman = {Jerry Seligman}}
@STRING{selinger = {Patricia G. Selinger}}
@STRING{sequeda = {Juan Sequeda}}
@STRING{serafini = {Luciano Serafini}}
@STRING{seranobalazote = {Pablo Serrano-Balazote}}
@STRING{shankar = {Natarajan Shankar}}
@STRING{shapiro = {Stuart C. Shapiro}}
@STRING{shave = {Michael J. R. Shave}}
@STRING{shen = {Heng Tao Shen}}
@STRING{sheng = {Quan Z. Sheng}}
@STRING{sheth = {Amit Sheth}}
@STRING{shi = {Lian Shi}}
@STRING{shrobe = {Howard E. Shrobe}}
@STRING{shvaiko = {Pavel Shvaiko}}
@STRING{sicilia = {Miguel-Angel Sicilia}}
@STRING{silva = {Nuno Silva}}
@STRING{simari = {Guillermo Ricardo Simari}}
@STRING{simeon = {J{\'e}r{\^o}me Sim{\'e}on}}
@STRING{simon = {Laurent Simon}}
@STRING{sirin = {Evren Sirin}}
@STRING{sleeman = {Derek Sleeman}}
@STRING{slutzki = {Giora Slutzki}}
@STRING{smith = {Michael K. Smith}}
@STRING{smithk = {Kevin Smith}}
@STRING{snodgrass = {Richard T. Snodgrass}}
@STRING{soda = {Giovanni Soda}}
@STRING{sohn = {Joo-Chan Sohn}}
@STRING{soliman = {Sylvain Soliman}}
@STRING{sowa = {John F. Sowa}}
@STRING{spaccapietra = {Stefano Spaccapietra}}
@STRING{speicher = {Steve Speicher}}
@STRING{sporny = {Manu Sporny}}
@STRING{staab = {Stephen Staab}}
@STRING{stamou = {Giorgos Stamou}}
@STRING{stein = {Olga Step{\'a}nkov{\'a}}}
@STRING{stepankova = {Olga Step{\'a}nkov{\'a}}}
@STRING{stergiou = {Konstantinos Stergiou}}
@STRING{steve = {Geri Steve}}
@STRING{stevens = {Rick Stevens}}
@STRING{stevensr = {Robert Stevens}}
@STRING{stollberg = {Michael Stollberg}}
@STRING{straccia = {Umberto Straccia}}
@STRING{strecker = {George E. Strecker}}
@STRING{strous = {Leon Strous}}
@STRING{stuckenschmidt = {Heiner Stuckenschmidt}}
@STRING{studer = {Rudi Studer}}
@STRING{stuller = {Julius Stuller}}
@STRING{stumme = {Gerd Stumme}}
@STRING{sturm = {Holger Sturm}}
@STRING{suciu = {Dan Suciu}}
@STRING{suignard = {Michel Suignard}}
@STRING{sundara = {Seema Sundara}}
@STRING{suntisrivaraporn = {Boontawee Suntisrivaraporn}}
@STRING{surav = {Mehmet Surav}}
@STRING{sure = {York Sure}}
@STRING{suzuki = {Einoshin Suzuki}}
@STRING{swartout = {William Swartout}}
@STRING{sycara = {Katia P. Sycara}}
@STRING{szolovits = {Peter Szolovits}}
@STRING{tabet = {Said Tabet}}
@STRING{takeda = {Hideaki Takeda}}
@STRING{tamilin = {Andrei Tamilin}}
@STRING{tamma = {Valentina Tamma}}
@STRING{tan = {Wang-Chiew Tan}}
@STRING{tane = {Julien Tane}}
@STRING{tang = {Jie Tang}}
@STRING{taniar = {David Taniar}}
@STRING{tari = {Zahir Tari}}
@STRING{tarlecki = {Andrzej Tarlecki}}
@STRING{tarski = {Alfred Tarski}}
@STRING{tatarinov = {Igor Tatarinov}}
@STRING{teije = {Annette ten Teije}}
@STRING{tel = {Gerard Tel}}
@STRING{terracina = {Giorgio Terracina}}
@STRING{tessaris = {Sergio Tessaris}}
@STRING{thirunarayan = {Krishnaprasad Thirunarayan}}
@STRING{tholen = {Walter Tholen}}
@STRING{tjoa = {A Min Tjoa}}
@STRING{tobies = {Stephan Tobies}}
@STRING{toddwilliams = {Gregory Todd Williams}}
@STRING{tomasik = {Jerzy Tomasik}}
@STRING{topic = {Dalibor Topic}}
@STRING{trombettoni = {Gilles Trombettoni}}
@STRING{troncy = {Rapha{\"e}l Troncy}}
@STRING{tsarkov = {Dmitry Tsarkov}}
@STRING{tudorache = {Tania Tudorache}}
@STRING{turhan = {Anni-Yasmin Turhan}}
@STRING{turner = {Raymond Turner}}
@STRING{ullman = {Jeffrey D. Ullman}}
@STRING{ursino = {Domenico Ursino}}
@STRING{uli = {Uli Sattler}}
@STRING{uschold = {Michael Uschold}}
@STRING{valtchev = {Petko Valtchev}}
@STRING{vanacker = {Sven van Acker}}
@STRING{velegrakis = {Yannis Velegrakis}}
@STRING{veloso = {Manuela M. Veloso}}
@STRING{vercouter = {Laurent Vercouter}}
@STRING{verheijen = {Danladi Verheijen}}
@STRING{videiralopes = {Cristina Videira Lopes}}
@STRING{viollet = {Alexandre Viollet}}
@STRING{viskova = {Jana Viskova}}
@STRING{vitvar = {Tomas Vitvar}}
@STRING{voltz = {Raphael Voltz}}
@STRING{voronkov = {Andrei Voronkov}}
@STRING{vouros = {George Vouros}}
@STRING{wache = {Holger Wache}}
@STRING{wainwright = {Roger L. Wainwright}}
@STRING{wallace = {Manolis Wallace}}
@STRING{walsh = {Toby Walsh}}
@STRING{wangk = {Kehong Wang}}
@STRING{wang = {Wei Wang}}
@STRING{wangj = {Jiying Wang}}
@STRING{wegman = {Mark M. Wegman}}
@STRING{weidenbach = {Christoph Weidenbach}}
@STRING{weikum = {Gerhard Weikum}}
@STRING{welty = {Christopher A. Welty}}
@STRING{wen = {Ji-Rong Wen}}
@STRING{weyman = {Jerzy Weyman}}
@STRING{wiederhold = {Gio Wiederhold}}
@STRING{wiedermann = {Jir{\'\i} Wiedermann}}
@STRING{williams = {Mary-Anne Williams}}
@STRING{wolf = {Boris Wolf}}
@STRING{wolstencroft = {Katy Wolstencroft}}
@STRING{wolter = {Frank Wolter}}
@STRING{woo = {Carson C. Woo}}
@STRING{wu = {Zonghuan Wu}}
@STRING{wuwongse = {Vilas Wuwongse}}
@STRING{xu = {Lida Xu}}
@STRING{xuyu = {Jeffrey Xu Yu}}
@STRING{xue = {Gui-rong Xue}}
@STRING{yan = {Lingling Yan}}
@STRING{yanglh = {Liang Huai Yang}}
@STRING{yangx = {Xia Yang}}
@STRING{yang = {Yun Yang}}
@STRING{yatskevich = {Mikalai Yatskevich}}
@STRING{yetongnon = {Kokou Y{\'e}tongnon}}
@STRING{you = {Ilsun You}}
@STRING{yu = {Yang Yu}}
@STRING{yuc = {Clement T. Yu}}
@STRING{zaihrayeu = {Ilya Zaihrayeu}}
@STRING{zakharyaschev = {Michael Zakharyaschev}}
@STRING{zaniolo = {Carlo Zaniolo}}
@STRING{zanobini = {Stefano Zanobini}}
@STRING{zaremba = {Maciej Zaremba}}
@STRING{zarembami = {Michal Zaremba}}
@STRING{zhang = {Yanchun Zhang}}
@STRING{zhangl = {Lei Zhang}}
@STRING{zhao = {Yuting Zhao}}
@STRING{zhou = {Xiaofang Zhou}}
@STRING{zimmermann = {Antoine Zimmermann}}
@STRING{zimmermannk = {Kerstin Zimmermann}}
@STRING{zohar = {Sagit Zohar}}

%
% Institutions / Organisations
%
@STRING{deri = {{Digital Enterprise Research Institute}}}
@STRING{inria = {{Institut Nationale de Recherche en Informatique et Automatique}}}
@STRING{kw = {{Knowledge Web NoE}}}
@STRING{neon = {{IST NeOn IP}}}
@STRING{racer = {{Racer Systems GmbH \& Co. KG}}}
@STRING{rfc = {{Request for Comments}}}
@STRING{w3c = {{World Wide Web Consortium (W3C)}}}

%
% Journals
%
@STRING{acm = {{Journal of the ACM}}}
@STRING{acmcom = {{Communications of the ACM}}}
@STRING{acmcs = {{ACM Computing Survey}}}
@STRING{acmtods = {{ACM Transaction on Database Systems}}}
@STRING{actainf = {{Acta Informatica}}}
@STRING{ai = {{Artificial Intelligence}}}
@STRING{aicom = {{AI Communications}}}
@STRING{aimag = {{AI Magazine}}}
@STRING{ao = {{Applied Ontologies}}}
@STRING{ccq = {{Cataloging and Classification Quarterly}}}
@STRING{cttcs = {{Cambridge Tracts in Theoretical Computer Science}}}
@STRING{dke = {{Data and Knowledge Engineering}}}
@STRING{eatcs = {{Bulletin of the EATCS}}}
@STRING{epistemo = {Epistemologica}}
@STRING{foc = {{Foundations of Computing}}}
@STRING{hcs = {{International Journal of Human-Computer Studies}}}
@STRING{ibmjr-and-d = {{IBM Journal of Research and Development}}}
@STRING{i-and-c = {{Information and Computation}}}
@STRING{ieeeis = {{IEEE Intelligent Systems}}}
@STRING{ieeecomp = {{IEEE Computer}}}
@STRING{ieeetkde = {{IEEE Transactions on Knowledge and Data Engineering}}}
@STRING{ijmms = {{International Journal of Man-Machine Studies}}}
@STRING{ijswis = {{International Journal of Semantic Web and Information Systems}}}
@STRING{jair = {{Journal of Artificial Intelligence Research}}}
@STRING{jamia = {{Journal of the American Medical Informatics Association}}}
@STRING{jar = {{Journal of Automated Reasoning}}}
@STRING{jis = {{International Journal of Intelligent Systems}}}
@STRING{jlc = {{Journal on Logic and Computation}}}
@STRING{jods = {{Journal on Data Semantics}}}
@STRING{jop = {{Journal of Pragmatics}}}
@STRING{josl = {{Journal of Symbolic Logic}}}
@STRING{jws = {{Journal of Web Semantics}}}
@STRING{loguni = {{Logica Universalis}}}
@STRING{mscs = {{Mathematical Structure in Computer Science}}}
@STRING{ria = {{Revue d'Intelligence Artificielle}}}
@STRING{scientam = {{Scientific American}}}
@STRING{sigact = {{SIGACT News}}}
@STRING{sigart = {{SIGART Bulletin}}}
@STRING{sigmod = {{SIGMOD Record (ACM Special Interest Group on Management of Data)}}}
@STRING{soca = {{Service Oriented Computing and Applications}}}
@STRING{spe = {{Software--Practice and Experience}}}
@STRING{tplp = {{Theory and Practice of Logic Programming}}}
@STRING{tsi = {{Technique et Science Informatiques}}}
@STRING{vldb = {{The Very Large Data Base Journal}}}

%
% Languages
%
@STRING{en = {English}}
@STRING{fr = {French}}

%
% Publishers
%
@STRING{aaai = {{AAAI Press}}}
@STRING{acmpress = {{ACM Press}}}
@STRING{acpress = {{Academic Press, Inc.}}}
@STRING{acs = {{Austrian Computer Society}}}
@STRING{birkh = {Birkh{\"a}user}}
@STRING{bolzano = {{Bolzano University Press}}}
@STRING{brooks = {{Brooks Cole Publishing Co.}}}
@STRING{ceur = {{Sun SITE Central Europe (CEUR)}}}
@STRING{cp = {{College Publications}}}
@STRING{cup = {{Cambridge University Press}}}
@STRING{dicolor = {Dicolor Press}}}
@STRING{elsevier = {{Elsevier Science Publishers Ltd.}}}
@STRING{haworth = {{The Haworth Press}}}
@STRING{ieee = {{IEEE Computer Society}}}
@STRING{igi = {{IGI Global}}}
@STRING{insticc = {{INSTICC Press}}}
@STRING{ios = {{IOS Press}}}
@STRING{kap = {{Kluwer Academic Publisher}}}
@STRING{lmo = {{L'Objet}}}
@STRING{mit = {{The MIT Press}}}
@STRING{pbc = {{Professional Book Center}}}
@STRING{rsp = {{Research Studies Press}}}
@STRING{springer = {{Springer-Verlag}}}
@STRING{westview = {{Westview Press, Inc.}}}
@STRING{wiley = {{John Wiley \& Sons}}}

%
% Schools
%
@STRING{sapienza = {{Universit\`a degli Studi di Roma ``La Sapienza''}}}
@STRING{unical = {{University of California at San Diego}}}
@STRING{unikarl = {{Universit\"at Karlsruhe, Germany}}}
@STRING{unileipzig = {{University of Leipzig}}}
@STRING{unimary = {{University of Maryland, Baltimore County (UMBC)}}}
@STRING{uniminho = {{Universidade do Minho}}}
@STRING{unistan = {{Stanford University}}}
@STRING{unival = {{Universitat de Val\`encia}}}
@STRING{uniwash = {{University of Washington}}}
@STRING{uniiowa = {{Iowa State University}}}

%
% Series
%
@STRING{ceurwp = {{CEUR Workshop Proceedings}}}
@STRING{dagstuhl = {{Dagstuhl Seminar Proceedings}}}
@STRING{ema = {{Encyclopedia of Mathematics and its Applications}}}
@STRING{ihis = {{International Handbooks on Information Systems}}}
@STRING{faia = {{Frontiers in Artificial Intelligence and Applications}}}
@STRING{lnai = {{Lecture Notes in Artificial Intelligence}}}
@STRING{lncs = {{Lecture Notes in Computer Science}}}
@STRING{lnm = {{Lecture Notes in Mathematics}}}
@STRING{slc = {{Studies in Logic and Computation}}}
@STRING{swbche = {{Semantic Web and Beyond Computing for Human Experience}}}

%
% Others or unknown
%
@STRING{dagsii = {{Semantic Interoperability and Integration}}}
@STRING{gnu = {{GNU Free Documentation License}}}
@STRING{ibfi = {{Internationales Begegnungs- und Forschungszentrum (IBFI)}}}

%
% W3C publications
%
@TECHREPORT{RDF_Syntax_W3C:04,
  author = Beckett,
  title = {{RDF/XML Syntax Specification (Revised), W3C Recommendation 10 February 2004}},
  institution = w3c,
  year = {2004},
  month = feb # {~10},
  type = {{W3C Recommendation}},
  keywords = {RDF, XML, syntax, W3C Recommendation},
  url = {http://www.w3.org/TR/2004/REC-rdf-syntax-grammar-20040210/}
}

@TECHREPORT{RDF_Turtle:08,
  author = Beckett # { and } # BernersLee,
  title = {{Turtle - Terse RDF Triple Language, W3C Team Submission 14 January 2008}},
  institution = w3c,
  year = {2008},
  month = jan # {~14},
  type = {{W3C team submission}},
  keywords = {RDF, W3C Team Submission, syntax},
  url = {http://www.w3.org/TeamSubmission/2008/SUBM-turtle-20080114/}
}

@TECHREPORT{RDF_Turtle_W3C:12,
  author = Prudhommeaux # { and } # Carothers,
  title = {{Turtle - Terse RDF Triple Language, W3C Working Draft 10 July 2012}},
  institution = w3c,
  year = {2012},
  month = jul # {~10},
  type = {{W3C Working Draft}},
  keywords = {RDF, W3C Working Draft, syntax},
  url = {http://www.w3.org/TR/2012/WD-turtle-20120710/}
}

@TECHREPORT{URI_RFC:05,
  author = BernersLee # { and } # Fielding # { and } # Masinter,
  title = {{Uniform Resource Identifier (URI): Generic Syntax}},
  institution = rfc,
  year = {2005},
  month = jan,
  keywords = {RFC},
  url = {http://tools.ietf.org/html/rfc3986}
}

@TECHREPORT{IRI_RFC:05,
  author = Durst # { and } # Suignard,
  title = {{Internationalized Resource Identifiers (IRIs)}},
  institution = rfc,
  year = {2005},
  month = jan,
  keywords = {RFC},
  url = {http://tools.ietf.org/html/rfc3987}
}

@TECHREPORT{XQuery_W3C:03,
  author = Boag # { and } # Chamberlin # { and } # Fernandez # { and } # Florescu # { and } # Robie # { and } # Simeon,
  title = {{XQuery 1.0: An XML Query Language - W3C Recommendation 23 January 2007}},
  institution = w3c,
  year = {2007},
  month = jan # {~23},
  type = {{W3C Recommendation}},
  keywords = {XML, XPath, XQuery, W3C Recommendation},
  url = {http://www.w3.org/TR/2007/REC-xquery-20070123/}
}

@TECHREPORT{RDF_Schema_W3C:04,
  author = Brickley # { and } # Guha,
  title = {{RDF Vocabulary Description Language 1.0: RDF Schema, W3C Recommendation 10 February 2004}},
  institution = w3c,
  year = {2004},
  month = feb # {~10},
  type = {{W3C Recommendation}},
  keywords = {RDF, RDFS, RDF schema, W3C Recommendation},
  url = {http://www.w3.org/TR/2004/REC-rdf-schema-20040210/}
}

@TECHREPORT{OWL_Test_W3C:04,
  author = Carroll # { and } # deRoo,
  title = {{OWL Web Ontology Language Test Cases Syntax, W3C Recommendation 10 February 2004}},
  institution = w3c,
  year = {2004},
  month = feb # {~10},
  keywords = {OWL, W3C Recommendation, test cases},
  type = {{W3C Recommendation}},
  url = {http://www.w3.org/TR/2004/REC-owl-test-20040210/}
}

@TECHREPORT{DAML+OIL_W3C:01,
  author = Connolly # { and } # Harmelen # { and } # Horrocks # { and } # McGuinness # { and } # PatelSchneider # { and } # Stein,
  title = {{Annotated DAML+OIL Ontology Markup, W3C Note 18 December 2001}},
  institution = w3c,
  year = {2001},
  month = dec # {~18},
  keywords = {DAML+OIL, W3C Note},
  type = {{W3C Note}},
  url = {http://www.w3.org/TR/2001/NOTE-daml+oil-walkthru-20011218/}
}

@TECHREPORT{OWL_Reference_W3C:04,
  author = Dean # { and } # Schreiber,
  title = {{OWL Web Ontology Language Reference, W3C Recommendation 10 February 2004}},
  institution = w3c,
  year = {2004},
  month = feb # {~10},
  type = {{W3C Recommendation}},
  keywords = {OWL, W3C Recommendation},
  url = {http://www.w3.org/TR/2004/REC-owl-ref-20040210/}
}

@TECHREPORT{XML_Schema_Primer_W3C:04,
  author = Fallside,
  title = {{XML Schema Part 0: Primer, W3C Recommendation 28 October 2004}},
  institution = w3c,
  year = {2004},
  month = oct # {~28},
  keywords = {W3C Recommendation, XML},
  type = {{W3C Recommendation}},
  url = {http://www.w3.org/TR/2004/REC-xmlschema-0-20041028/}
}

@TECHREPORT{RDF_Test_W3C:04,
  author = Grant # { and } # Beckett,
  title = {{RDF Test Cases, W3C Recommendation 10 February 2004}},
  institution = w3c,
  year = {2004},
  month = feb # {~10},
  type = {{W3C Recommendation}},
  keywords = {RDF, W3C Recommendation, test cases},
  url = {http://www.w3.org/TR/2004/REC-rdf-testcases-20040210/}
}

@TECHREPORT{SPARQL_W3C:13,
  author = Harris # { and } # Seaborne,
  institution = w3c,
  month = mar # {~21},
  url = {http://www.w3.org/TR/2013/REC-sparql11-query-20130321/},
  title = {{SPARQL 1.1 Query Language, W3C Recommendation 21 March 2013}},
  type = {{W3C Recommendation}},
  year = {2013}
}

@TECHREPORT{SPARQL_SD_W3C:13,
  author = ToddWilliams,
  institution = w3c,
  month = mar # {~21},
  url = {http://www.w3.org/TR/2013/REC-sparql11-service-description-20130321/},
  title = {{SPARQL 1.1 Service Description, W3C Recommendation 21 March 2013}},
  type = {{W3C Recommendation}},
  year = {2013}
}

@TECHREPORT{SPARQL_ER_W3C:13,
  author = Glimm # { and } # Ogbuji,
  institution = w3c,
  month = mar # {~21},
  url = {http://www.w3.org/TR/2013/REC-sparql11-entailment-20130321/},
  title = {{SPARQL 1.1 Entailment Regimes, W3C Recommendation 21 March 2013}},
  type = {{W3C Recommendation}},
  year = {2013}
}

@TECHREPORT{SPARQL_FQ_W3C:13,
  author = Prudhommeaux # { and } # BuilAranda,
  institution = w3c,
  month = mar # {~21},
  url = {http://www.w3.org/TR/2013/REC-sparql11-federated-query-20130321/},
  title = {{SPARQL 1.1 Federated Query, W3C Recommendation 21 March 2013}},
  type = {{W3C Recommendation}},
  year = {2013}
}

@TECHREPORT{RDF_Semantics_W3C:04,
  author = Hayes,
  title = {{RDF Semantics, W3C Recommendation 10 February 2004}},
  institution = w3c,
  year = {2004},
  month = feb # {~10},
  type = {{W3C Recommendation}},
  keywords = {RDF, W3C Recommendation, semantics},
  url = {http://www.w3.org/TR/2004/REC-rdf-mt-20040210/}
}

@TECHREPORT{OWL_Requirements_W3C:04,
  author = Heflin,
  title = {{OWL Web Ontology Language, Use Cases and Requirements, W3C Recommendation 10 February 2004}},
  institution = w3c,
  year = {2004},
  month = feb # {~10},
  type = {{W3C Recommendation}},
  keywords = {OWL, W3C Recommendation, use cases},
  url = {http://www.w3.org/TR/2004/REC-webont-req-20040210/}
}

@TECHREPORT{OWL_Syntax_W3C:03,
  author = Hori # { and } # Euzenat # { and } # PatelSchneider,
  title = {{OWL Web Ontology Language XML Presentation Syntax, W3C Note 11 June 2003}},
  institution = w3c,
  year = {2003},
  month = jun # {~11},
  type = {{W3C Note}},
  keywords = {OWL, W3C Note, XML, syntax},
  url = {http://www.w3.org/TR/2003/NOTE-owl-xmlsyntax-20030611/}
}

@TECHREPORT{OWL_Manchester_W3C:09,
  author = Horridge # { and } # PatelSchneider,
  title = {{OWL 2 Web Ontology Language, Manchester Syntax, W3C Working Group Note 27 October 2009}},
  institution = w3c,
  year = {2009},
  month = oct # {~27},
  type = {{W3C Note}},
  keywords = {OWL2, W3C Note, syntax},
  url = {http://www.w3.org/TR/2009/WD-owl2-manchester-syntax-20090421/}
}

@TECHREPORT{OWL_Manchester_W3C:12,
  author = Horridge # { and } # PatelSchneider,
  title = {{OWL 2 Web Ontology Language, Manchester Syntax (Second Edition), W3C Working Group Note 11 December 2012}},
  institution = w3c,
  year = {2012},
  month = dec # {~11},
  type = {{W3C Note}},
  keywords = {OWL2, W3C Note, syntax},
  url = {http://www.w3.org/TR/2012/NOTE-owl2-manchester-syntax-20121211/}
}

@TECHREPORT{SWRL_W3C:04,
  author = Horrocks # { and } # PatelSchneider # { and } # Boley # { and } # Tabet # { and } # Grosof # { and } # Dean,
  title = {{SWRL: A Semantic Web Rule Language - Combining OWL and RuleML, W3C Member Submission 21 May 2004}},
  institution = w3c,
  year = {2004},
  month = may # {~21},
  type = {{W3C member submission}},
  keywords = {SWRL, W3C Member submission},
  url = {http://www.w3.org/TR/2004/REC-owl-ref-20040210/}
}

@TECHREPORT{RDF_Concepts_W3C:04,
  author = Klyne # { and } # Carroll,
  title = {{Resource Description Framework (RDF): Concepts and Abstract Syntax, W3C Recommendation 10 February 2004}},
  institution = w3c,
  year = {2004},
  month = feb # {~10},
  type = {{W3C Recommendation}},
  keywords = {RDF, syntax, W3C Recommendation},
  url = {http://www.w3.org/TR/2004/REC-rdf-concepts-20040210/}
}

@TECHREPORT{RDF_Primer_W3C:04,
  author = Manola # { and } # Miller,
  title = {{RDF} {P}rimer {W3C} {R}ecommendation 10 {F}ebruary 2004},
  institution = w3c,
  year = {2004},
  month = feb # {~10},
  type = {{W3C Recommendation}},
  keywords = {RDF, W3C Recommendation},
  url = {http://www.w3.org/TR/2004/REC-rdf-primer-20040210/}
}

@TECHREPORT{OWL_Overview_W3C:04,
  author = McGuinness # { and } # Harmelen,
  title = {{OWL Web Ontology Language Overview W3C Recommendation 10 February 2004}},
  institution = w3c,
  year = {2004},
  month = feb # {~10},
  type = {{W3C Recommendation}},
  keywords = {OWL, W3C Recommendation},
  url = {http://www.w3.org/TR/2004/REC-owl-features-20040210/}
}

@TECHREPORT{SKOS_Vocabulary_W3C:09,
  author = Miles # { and } # Bechhofer,
  institution = w3c,
  title = {{SKOS Simple Knowledge Organization System, Reference, W3C Recommendation 18 August 2009}},
  month = aug # {~18},
  type = {{W3C Recommendation}},
  keywords = {RDF, W3C Recommendation},
  url = {http://www.w3.org/TR/2009/REC-skos-reference-20090818/},
  year = {2009}
}

@TECHREPORT{SKOS_Primer_W3C:09,
  author = Isaac # { and } # Summers,
  institution = {W3C},
  title = {{SKOS Simple Knowledge Organization System Primer, W3C Working Group Note 18 August 2009}},
  type = {{W3C Note}},
  month = aug # {~18},
  url = {http://www.w3.org/TR/2009/NOTE-skos-primer-20090818/},
  year = {2009}
}

@TECHREPORT{OWL_Overview_W3C:09,
  author = {{W3C OWL Working Group}},
  title = {{OWL 2 Web Ontology Language Document Overview, W3C Recommendation 27 October 2009}},
  institution = w3c,
  language = en,
  year = {2009},
  month = oct # {~27},
  keywords = {OWL, W3C Recommendation},
  type = {{W3C Recommendation}},
  url = {http://www.w3.org/TR/2009/REC-owl2-overview-20091027/}
}

@TECHREPORT{OWL_Overview_W3C:12,
  author = {{W3C OWL Working Group}},
  title = {{OWL 2 Web Ontology Language Document Overview (Second Edition), W3C Recommendation 11 December 2012}},
  institution = w3c,
  language = en,
  year = {2012},
  month = dec # {~11},
  keywords = {OWL, W3C Recommendation},
  type = {{W3C Recommendation}},
  url = {http://www.w3.org/TR/2012/REC-owl2-overview-20121211/}
}

@TECHREPORT{SPARQL_Update_W3C:13,
  author = Gearon # { and } # Passant # { and } # Polleres,
  title = {{SPARQL 1.1 Update, W3C Recommendation 21 March 2013}},
  institution = w3c,
  year = {2013},
  month = mar # {~21},
  type = {{W3C Recommendation}},
  keywords = {SPARQL, W3C Recommendation},
  url = {http://www.w3.org/TR/2013/REC-sparql11-update-20130321/}
}

@TECHREPORT{SPARQL_Property_Path_W3C:10,
  author = Seaborne,
  institution = w3c,
  month = jan # {~26},
  url = {http://www.w3.org/TR/2010/WD-sparql11-property-paths-20100126/},
  title = {{SPARQL 1.1 Property Paths - W3C Working Draft 26 January 2010}},
  type = {{W3C Working Draft}},
  keywords = {SPARQL, W3C working draft},
  year = {2010}
}

@TECHREPORT{OWL_Semantics_W3C:04,
  author = PatelSchneider # { and } # Hayes # { and } # Horrocks,
  title = {{OWL Web Ontology Language Semantics and Abstract Syntax W3C Recommendation 10 February 2004}},
  institution = w3c,
  year = {2004},
  month = feb # {~10},
  keywords = {OWL, W3C Recommendation, semantics, syntax},
  type = {{W3C Recommendation}},
  url = {http://www.w3.org/TR/2004/REC-owl-semantics-20040210/}
}

@TECHREPORT{OWL_Semantics_W3C:09,
  author = Motik #  { and } # PatelSchneider # { and } # CuencaGrau,
  title = {{OWL 2 Web Ontology Language Direct Semantics W3C Recommendation 27 October 2009}},
  institution = w3c,
  year = {2009},
  month = oct # {~27},
  keywords = {OWL, W3C Recommendation, semantics},
  type = {{W3C Recommendation}},
  url = {http://www.w3.org/TR/2009/WD-owl2-semantics-20091027/}
}

@TECHREPORT{OWL_Guide_W3C:04,
  author = Smith # { and } # Welty # { and } # McGuinness,
  title = {{OWL Web Ontology Language Guide W3C Recommendation 10 February 2004}},
  institution = w3c,
  year = {2004},
  month = feb # {~10},
  keywords = {OWL, W3C Recommendation},
  url = {http://www.w3.org/TR/2004/REC-owl-guide-20040210/}
}

@TECHREPORT{SPARQL_W3C:08,
  author = Seaborne # { and } # Prudhommeaux,
  institution = w3c,
  month = jan # {~15},
  url = {http://www.w3.org/TR/2008/REC-rdf-sparql-query-20080115/},
  title = {{SPARQL Query Language for RDF, W3C Recommendation 15 January 2008}},
  type = {{W3C Recommendation}},
  keywords = {SPARQL, W3C Recommendation},
  year = {2008}
}

@TECHREPORT{RIF_Overview_W3C:13,
  author = Kifer # { and } # Boley,
  institution = w3c,
  month = feb # {~5},
  url = {http://www.w3.org/TR/2013/NOTE-rif-overview-20130205/},
  title = {{RIF Overview (Second Edition), W3C Working Group Note, 5 February 2013}},
  type = {{W3C Note}},
  keywords = {RIF, W3C Note},
  year = {2013}
}

@TECHREPORT{R2RML_W3C:12,
  author = Das # { and } # Sundara # { and } # Cyganiak,
  institution = w3c,
  month = sep # {~27},
  url = {http://www.w3.org/TR/2012/REC-r2rml-20120927/},
  title = {{R2RML: RDB to RDF Mapping Language, W3C Recommendation 27 September 2012}},
  type = {{W3C Recommendation}},
  keywords = {RDB2RDF, W3C Recommendation},
  year = {2012}
}

@TECHREPORT{Direct_Mapping_W3C:12,
  author = Arenas # { and } # Bertails # { and } # Prudhommeaux # { and } # Sequeda,
  institution = w3c,
  month = sep # {~27},
  url = {http://www.w3.org/TR/2012/REC-r2rml-20120927/},
  title = {{A Direct Mapping of Relational Data to RDF, W3C Recommendation 27 September 2012}},
  type = {{W3C Recommendation}},
  keywords = {RDB2RDF, W3C Recommendation},
  year = {2012}
}

@TECHREPORT{PROV_O_W3C:12,
  author = Lebo # { and } # Sahoo # { and } # McGuinness,
  institution = w3c,
  month = dec # {~11},
  url = {http://www.w3.org/TR/2012/CR-prov-o-20121211/},
  title = {{PROV-O: The PROV Ontology, W3C Candidate Recommendation 11 December 2012}},
  type = {{W3C Candidate Recommendation}},
  keywords = {Provenance, W3C Candidate Recommendation},
  year = {2012}
}

@TECHREPORT{Org_Ontology_W3C:12,
  author = Reynolds,
  institution = w3c,
  month = oct # {~23},
  url = {http://www.w3.org/TR/2012/WD-vocab-org-20121023/},
  title = {{An organization ontology, W3C Working Draft 23 October 2012}},
  type = {{W3C Working Draft}},
  keywords = {GLD, W3C Working Draft},
  year = {2012}
}

@TECHREPORT{DCAT_W3C:12,
  author = Maali # { and } # Erickson # { and } # Archer,
  institution = w3c,
  month = apr # {~5},
  url = {http://www.w3.org/TR/2012/WD-vocab-dcat-20120405/},
  title = {{Data Catalog Vocabulary (DCAT), W3C Working Draft 05 April 2012}},
  type = {{W3C Working Draft}},
  keywords = {GLD, W3C Working Draft},
  year = {2012}
}

@TECHREPORT{LDP_W3C:12,
  author = Speicher # { and } # Hausenblas,
  institution = w3c,
  month = oct # {~25},
  url = {http://www.w3.org/TR/2012/WD-ldp-20121025/},
  title = {{Linked Data Platform 1.0, W3C Working Draft 25 October 2012}},
  type = {{W3C Working Draft}},
  keywords = {LDP, W3C Working Draft},
  year = {2012}
}

@TECHREPORT{RDFa_Primer_W3C:12,
  author = Adida # { and } # Herman # { and } # Sporny # { and } # Birbeck,
  institution = w3c,
  month = jun # {~7},
  url = {http://www.w3.org/TR/2012/NOTE-rdfa-primer-20120607/},
  title = {{RDFa 1.1 Primer - Rich Structured Data Markup for Web Documents, W3C Working Group Note 07 June 2012}},
  type = {{W3C Note}},
  keywords = {RDFa, W3C Note},
  year = {2012}
}

@TECHREPORT{POWDER_DR_W3C:09,
  author = Archer # { and } # Smith # { and } # Perego,
  institution = w3c,
  month = sep # {~1},
  url = {http://www.w3.org/TR/2009/REC-powder-dr-20090901/},
  title = {{Protocol for Web Description Resources (POWDER): Description Resources, W3C Recommendation 1 September 2009}},
  type = {{W3C Recommendation}},
  keywords = {POWDER, W3C Recommendation},
  year = {2009}
}

@TECHREPORT{GRDDL_W3C:07,
  author = Connolly,
  institution = w3c,
  month = sep # {~11},
  url = {http://www.w3.org/TR/2007/REC-grddl-20070911/},
  title = {{Gleaning Resource Descriptions from Dialects of Languages (GRDDL), W3C Recommendation 11 September 2007}},
  type = {{W3C Recommendation}},
  keywords = {POWDER, W3C Recommendation},
  year = {2007}
}

@TECHREPORT{WebID_W3C:13,
  author = Sambra # { and } # Corlosquet,
  institution = w3c,
  month = feb # {~19},
  url = {https://dvcs.w3.org/hg/WebID/raw-file/tip/spec/identity-respec.html},
  title = {{WebID 1.0, Web Identity and Discovery, W3C Editor's Draft 19 February 2013}},
  type = {{W3C IG Editor's draft}},
  keywords = {WebID, W3C Editor's Draft},
  year = {2007}
}

@TECHREPORT{VoID_W3C:11,
  author = Alexander # { and } # Cyganiak # { and } # Hausenblas # { and } # Zhao,
  institution = w3c,
  month = mar # {~3},
  url = {http://www.w3.org/TR/2011/NOTE-void-20110303/},
  title = {{Describing Linked Datasets with the VoID Vocabulary, W3C Interest Group Note 03 March 2011}},
  type = {{W3C IG Note}},
  keywords = {VoID, W3C IG Note},
  year = {2011}
}